<record><leader>00000cas a22000001a 4500</leader><controlfield tag="001">32235426</controlfield><controlfield tag="007">hd afb016baca</controlfield><controlfield tag="007">hd bfb016baaa</controlfield><controlfield tag="008">950331d18651883lauwr nea     0    0fre d</controlfield><datafield ind1=" " ind2=" " tag="010"><subfield code="a">sn 94082831 </subfield></datafield><datafield ind1=" " ind2=" " tag="040"><subfield code="a">NN</subfield><subfield code="b">eng</subfield><subfield code="c">RQM</subfield><subfield code="d">OCLCQ</subfield><subfield code="d">OCLCF</subfield><subfield code="d">OCLCO</subfield><subfield code="d">OCLCQ</subfield></datafield><datafield ind1=" " ind2=" " tag="012"><subfield code="i">9501</subfield></datafield><datafield ind1="0" ind2=" " tag="041"><subfield code="a">fre</subfield><subfield code="a">eng</subfield></datafield><datafield ind1=" " ind2=" " tag="042"><subfield code="a">msc</subfield></datafield><datafield ind1=" " ind2=" " tag="043"><subfield code="a">n-us-la</subfield></datafield><datafield ind1="0" ind2="3" tag="245"><subfield code="a">Le Louisianais.</subfield></datafield><datafield ind1="3" ind2="0" tag="246"><subfield code="a">Louisianian</subfield></datafield><datafield ind1=" " ind2=" " tag="260"><subfield code="a">Convent, La. :</subfield><subfield code="b">J. Gentil &amp; A.D. Romain,</subfield><subfield code="c">1865-</subfield></datafield><datafield ind1=" " ind2=" " tag="300"><subfield code="a">volumes ;</subfield><subfield code="c">59 cm</subfield></datafield><datafield ind1=" " ind2=" " tag="310"><subfield code="a">Weekly</subfield></datafield><datafield ind1=" " ind2=" " tag="336"><subfield code="a">text</subfield><subfield code="b">txt</subfield><subfield code="2">rdacontent</subfield></datafield><datafield ind1=" " ind2=" " tag="337"><subfield code="a">microform</subfield><subfield code="b">h</subfield><subfield code="2">rdamedia</subfield></datafield><datafield ind1=" " ind2=" " tag="338"><subfield code="a">microfilm reel</subfield><subfield code="b">hd</subfield><subfield code="2">rdacarrier</subfield></datafield><datafield ind1="0" ind2=" " tag="362"><subfield code="a">Vol. 1, no. 1 (12 aou&#770;t 1865)-</subfield></datafield><datafield ind1="1" ind2=" " tag="362"><subfield code="a">Ceased in 1883.</subfield></datafield><datafield ind1=" " ind2=" " tag="500"><subfield code="a">Subtitles: Journal officiel de la paroisse Saint-Jacques, 1865-&lt;Mar. 4, 1871&gt;; Journal de Gentilly en Saint-Jacques, &lt;Mar. 18, 1871&gt;-&lt;July 29, 1871&gt;; Journal officiel de la paroisse Saint Jacques, &lt;Dec. 23, 1871&gt;-Mar. 29, 1873; Journal franco-louisianais et campagnard, Apr. 5, 1873-&lt;Nov. 29, 1873&gt;; Journal de St. Jacques, &lt;Nov. 7, 1874&gt;-Nov. 21, 1874; Journal de St. Jacques-Louisiane, Nov. 28-Dec. 26, 1874; Journal des paroisses St. Jacques et Ascension, Le., Jan. 2, 1875-Mar. 3, 1877; Journal politique, litte&#769;raire et campagnard, Mar. 10, 1877-&lt;May 7, 1881&gt;.</subfield></datafield><datafield ind1=" " ind2=" " tag="500"><subfield code="a">Publisher: J. Gentil, 1866-&lt;1881&gt;.</subfield></datafield><datafield ind1=" " ind2=" " tag="515"><subfield code="a">Suspended Dec. 1873-Oct. 1874.</subfield></datafield><datafield ind1=" " ind2=" " tag="546"><subfield code="a">In French and English.</subfield></datafield><datafield ind1=" " ind2=" " tag="533"><subfield code="a">Microfilm.</subfield><subfield code="m">v.1,no. 9-v.17,no. 27 (oct. 7,1865-mai 7,1881):[Gaps]</subfield><subfield code="b">New York :</subfield><subfield code="c">New York Public Library,</subfield><subfield code="d">1983.</subfield><subfield code="e">2 microfilm reels ; 35 mm.</subfield></datafield><datafield ind1=" " ind2="0" tag="651"><subfield code="a">Convent (La.)</subfield><subfield code="v">Newspapers.</subfield></datafield><datafield ind1=" " ind2="7" tag="651"><subfield code="a">Louisiana</subfield><subfield code="z">Convent.</subfield><subfield code="2">fast</subfield><subfield code="0">(OCoLC)fst01282003</subfield></datafield><datafield ind1=" " ind2="7" tag="655"><subfield code="a">Newspapers.</subfield><subfield code="2">fast</subfield><subfield code="0">(OCoLC)fst01423814</subfield></datafield><datafield ind1=" " ind2=" " tag="752"><subfield code="a">United States</subfield><subfield code="b">Louisiana</subfield><subfield code="c">Saint James</subfield><subfield code="d">Convent.</subfield></datafield><datafield ind1="1" ind2=" " tag="776"><subfield code="c">Original</subfield><subfield code="w">(DLC)sn 82015038</subfield></datafield><datafield ind1="0" ind2="0" tag="785"><subfield code="t">Rappel louisianais</subfield></datafield><datafield ind1=" " ind2=" " tag="850"><subfield code="a">NN</subfield><subfield code="a">NN (master)</subfield></datafield><datafield ind1="1" ind2=" " tag="029"><subfield code="a">AU@</subfield><subfield code="b">000024761665</subfield></datafield></record>